<?xml version="1.0" encoding="UTF-8"?><collection xmlns="http://www.loc.gov/MARC21/slim"><record><leader>00572nam--2200193-i-4500</leader><controlfield tag="001">000010142</controlfield><controlfield tag="002">20161230</controlfield><controlfield tag="005">20161230201028</controlfield><controlfield tag="008">060222s1000------------r-----000-0-eng-d</controlfield><datafield ind1=" " ind2=" " tag="040"><subfield code="a">IFIN-HH</subfield></datafield><datafield ind1=" " ind2=" " tag="080"><subfield code="a">53:62</subfield></datafield><datafield ind1="1" ind2=" " tag="100"><subfield code="a">Borowitz, Sidney</subfield></datafield><datafield ind1="1" ind2="0" tag="245"><subfield code="a">Essentials of physics. a text for strudents of science and engineering</subfield><subfield code="c">Sidney borowitz, arthur beiser</subfield></datafield><datafield ind1=" " ind2=" " tag="250"><subfield code="a">Second Edition</subfield></datafield><datafield ind1=" " ind2=" " tag="260"><subfield code="a">Reading, Massachusetts</subfield><subfield code="b">Addison-wesley Publ, Co</subfield><subfield code="c">1971</subfield></datafield><datafield ind1=" " ind2=" " tag="300"><subfield code="a">VIII + 568 P</subfield></datafield><datafield ind1="1" ind2=" " tag="700"><subfield code="a">Beiser, Arthur</subfield></datafield><datafield ind1=" " ind2=" " tag="852"><subfield code="a">36660</subfield><subfield code="c">53</subfield></datafield><datafield ind1=" " ind2=" " tag="CAT"><subfield code="a">Sys</subfield><subfield code="c">20150311</subfield><subfield code="h">123809</subfield></datafield></record></collection>